@article{leveque:1985,
author = {LeVeque, Randall J.},
title = {A large Time Step Generalization of Godunov’s Method for Systems of Conservation Laws},
journal = {SIAM Journal on Numerical Analysis},
volume = {22},
number = {6},
pages = {1051-1073},
year = {1985},
doi = {10.1137/0722063}
}

@article{godunov:1959,
author = {Godunov, S},
year = {1959},
month = {01},
pages = {271-306},
title = {A difference method for numerical calculation of discontinuous solutions of the equations of hydrodynamics},
volume = {47(89):3},
journal = {Mat. Sb.}
}

@article {lin:1996,
      author = "Shian-Jiann  Lin and Richard B.  Rood",
      title = "Multidimensional Flux-Form Semi-Lagrangian Transport Schemes",
      journal = "Monthly Weather Review",
      year = "1996",
      volume = "124",
      number = "9",
      doi = "10.1175/1520-0493(1996)124<2046:MFFSLT>2.0.CO;2",
      pages=      "2046 - 2070",
}

@article{lin:1997,
author = {Lin, Shian-Jiann and Rood, Richard B.},
title = {An explicit flux-form semi-lagrangian shallow-water model on the sphere},
journal = {Quarterly Journal of the Royal Meteorological Society},
volume = {123},
number = {544},
pages = {2477-2498},
doi = {https://doi.org/10.1002/qj.49712354416},
year = {1997}
}

@article {leonard:1996,
      author = "B. P.  Leonard and A. P.  Lock and M. K.  MacVean",
      title = "Conservative Explicit Unrestricted-Time-Step Multidimensional Constancy-Preserving Advection Schemes",
      journal = "Monthly Weather Review",
      year = "1996",
      publisher = "American Meteorological Society",
      address = "Boston MA, USA",
      volume = "124",
      number = "11",
      doi = "https://doi.org/10.1175/1520-0493(1996)124<2588:CEUTSM>2.0.CO;2",
      pages=      "2588 - 2606",
}


@article {harris:2013,
      author = "Lucas M. Harris and Shian-Jiann Lin",
      title = "A Two-Way Nested Global-Regional Dynamical Core on the Cubed-Sphere Grid",
      journal = "Monthly Weather Review",
      year = "2013",
      publisher = "American Meteorological Society",
      address = "Boston MA, USA",
      volume = "141",
      number = "1",
      doi = "10.1175/MWR-D-11-00201.1",
      pages=      "283 - 306",
}

@article{harris:2021,
doi = {https://doi.org/10.1016/j.jcp.2007.07.022},
author = {William M. Putman and Shian-Jiann Lin},
title = {A Scientific Description of the GFDL Finite-Volume Cubed-Sphere Dynamical Core},
journal = {Series : NOAA technical memorandum OAR GFDL ; 2021-001},
year = {2021},
doi = {https://doi.org/10.25923/6nhs-5897},
author = {Harris, Lucas and Chen, Xi and Putman, William and Zhou, Linjiong and Chen, Jan-Huey},
}

@PhdThesis{putmanthesis:2007,
 author   = {William M. Putman},
 title    = {Development of the Finite-Volume Dynamical Core on the Cubed-Sphere},
 school   = {Florida State University},
 address  = {Florida, US},
 year     = {2007},
 url = {http://purl.flvc.org/fsu/fd/FSU_migr_etd-0511}
}

@article{colella:1984,
title = {The Piecewise Parabolic Method (PPM) for gas-dynamical simulations},
journal = {Journal of Computational Physics},
volume = {54},
number = {1},
pages = {174-201},
year = {1984},
doi = {https://doi.org/10.1016/0021-9991(84)90143-8},
author = {Phillip Colella and Paul R Woodward},
}


@article{white:2008,
title = {A high-order finite volume remapping scheme for nonuniform grids: The piecewise quartic method (PQM)},
journal = {Journal of Computational Physics},
volume = {227},
number = {15},
pages = {7394-7422},
year = {2008},
issn = {0021-9991},
doi = {https://doi.org/10.1016/j.jcp.2008.04.026},
author = {Laurent White and Alistair Adcroft},
}

@misc{engwirda:2016,
  doi = {10.48550/ARXIV.1606.08188},
  
  url = {https://arxiv.org/abs/1606.08188},
  
  author = {Engwirda, Darren and Kelley, Maxwell},
  
  keywords = {Computational Physics (physics.comp-ph), Numerical Analysis (math.NA), Atmospheric and Oceanic Physics (physics.ao-ph), Fluid Dynamics (physics.flu-dyn), FOS: Physical sciences, FOS: Physical sciences, FOS: Mathematics, FOS: Mathematics},
  
  title = {A WENO-type slope-limiter for a family of piecewise polynomial methods},
  
  publisher = {arXiv},
  
  year = {2016},
  
  copyright = {arXiv.org perpetual, non-exclusive license}
}

@Inbook{lauritzen:2011,
author="Lauritzen, Peter H.
and Ullrich, Paul A.
and Nair, Ramachandran D.",
editor="Lauritzen, Peter
and Jablonowski, Christiane
and Taylor, Mark
and Nair, Ramachandran",
title="Atmospheric Transport Schemes: Desirable Properties and a Semi-Lagrangian View on Finite-Volume Discretizations",
bookTitle="Numerical Techniques for Global Atmospheric Models",
year="2011",
publisher="Springer Berlin Heidelberg",
address="Berlin, Heidelberg",
pages="185--250",
isbn="978-3-642-11640-7",
doi="10.1007/978-3-642-11640-7_8",
}


@article{vanleer:1977,
title = {Towards the ultimate conservative difference scheme. IV. A new approach to numerical convection},
journal = {Journal of Computational Physics},
volume = {23},
number = {3},
pages = {276-299},
year = {1977},
doi = {https://doi.org/10.1016/0021-9991(77)90095-X},
author = {Bram {Van Leer}},
}


@Inbook{woodward:1986,
author="Woodward, Paul R.",
editor="Winkler, Karl-Heiz A.
and Norman, Michael L.",
title="Piecewise-Parabolic Methods for Astrophysical Fluid Dynamics",
bookTitle="Astrophysical Radiation Hydrodynamics",
year="1986",
publisher="Springer Netherlands",
address="Dordrecht",
pages="245--326",
isbn="978-94-009-4754-2",
doi="10.1007/978-94-009-4754-2_8",
}



@article {carpenter:1990,
      author = "Richard L.  Carpenter  and Kelvin K.  Droegemeier and Paul R.  Woodward and Carl E.  Hane",
      title = "Application of the Piecewise Parabolic Method (PPM) to Meteorological Modeling",
      journal = "Monthly Weather Review",
      year = "1990",
      volume = "118",
      number = "3",
      doi = "10.1175/1520-0493(1990)118<0586:AOTPPM>2.0.CO;2",
      pages=      "586 - 612",
}


@article {lin:2004,
      author = "Shian-Jiann Lin",
      title = "A “Vertically Lagrangian” Finite-Volume Dynamical Core for Global Models",
      journal = "Monthly Weather Review",
      year = "2004",
      publisher = "American Meteorological Society",
      volume = "132",
      number = "10",
      doi = "10.1175/1520-0493(2004)132<2293:AVLFDC>2.0.CO;2",
      pages=      "2293 - 2307",
}

@article{putman:2007,
title = {Finite-volume transport on various cubed-sphere grids},
journal = {Journal of Computational Physics},
volume = {227},
number = {1},
pages = {55-78},
year = {2007},
doi = {https://doi.org/10.1016/j.jcp.2007.07.022},
author = {William M. Putman and Shian-Jiann Lin},
}

@incollection{arakawa:1977,
title = {Computational Design of the Basic Dynamical Processes of the UCLA General Circulation Model},
series = {Methods in Computational Physics: Advances in Research and Applications},
publisher = {Elsevier},
volume = {17},
pages = {173-265},
year = {1977},
booktitle = {General Circulation Models of the Atmosphere},
issn = {0076-6860},
doi = {https://doi.org/10.1016/B978-0-12-460817-7.50009-4},
author = {Akio Arakawa and Vivian R. Lamb}
}


@Inbook{courant:1999,
author="Courant, R. and John, F.",
bookTitle="Introduction to Calculus and Analysis I",
year="1999",
publisher="Springer Berlin, Heidelberg",
doi="https://doi.org/10.1007/978-3-642-58604-0",
}

@Inbook{folland:1999,
author="Folland, G. B.",
bookTitle="Real Analysis: Modern Techniques and Their Applications",
year="1999",
publisher="Wiley",
}

@Book{leveque:1990,
author = {LeVeque, Randall J.},
year = {1990},
title = {Numerical Methods for Conservation Laws},
publisher = {Birkhäuser Basel},
doi= {10.1007/978-3-0348-5116-9}
}

@book{leveque:2002, place={Cambridge}, series={Cambridge Texts in Applied Mathematics}, title={Finite Volume Methods for Hyperbolic Problems}, DOI={10.1017/CBO9780511791253}, publisher={Cambridge University Press}, author={LeVeque, Randall J.}, year={2002}, collection={Cambridge Texts in Applied Mathematics}}


@Inbook{stoer:2002,
author="Stoer, J. and Bulirsch, R.",
bookTitle="Introduction to Numerical Analysis",
year="2002",
publisher="Springer New York, NY",
doi="https://doi.org/10.1007/978-0-387-21738-3",
}

@article {lauritzen:2007,
      author = "Peter Hjort Lauritzen",
      title = "A Stability Analysis of Finite-Volume Advection Schemes Permitting Long Time Steps",
      journal = "Monthly Weather Review",
      year = "2007",
      publisher = "American Meteorological Society",
      address = "Boston MA, USA",
      volume = "135",
      number = "7",
      doi = "https://doi.org/10.1175/MWR3425.1",
      pages=      "2658 - 2673",
}



@book{strikwerda:2004,
author = {Strikwerda, John C.},
title = {Finite Difference Schemes and Partial Differential Equations, Second Edition},
publisher = {Society for Industrial and Applied Mathematics},
year = {2004},
doi = {10.1137/1.9780898717938},
address = {},
edition   = {}
}

@book{trefethen:2000,
author = {Trefethen, Lloyd N.},
title = {Spectral Methods in MATLAB},
publisher = {Society for Industrial and Applied Mathematics},
year = {2000},
doi = {10.1137/1.9780898719598},
address = {},
edition   = {}
}

@Inbook{wesseling:2001,
author="Wesseling, Pieter",
title="Scalar conservation laws",
bookTitle="Principles of Computational Fluid Dynamics",
year="2001",
publisher="Springer Berlin Heidelberg",
address="Berlin, Heidelberg",
pages="339--396",
isbn="978-3-642-05146-3",
doi="10.1007/978-3-642-05146-3_9",
url="https://doi.org/10.1007/978-3-642-05146-3_9"
}


@PhdThesis{tumolo:2011,
 author   = {Giovanni Tumolo},
 title    = {A semi-implicit, semi-lagrangian, p-adaptative discontinuous Galerkin method for the rotating shallow-water equations: analysis and numerical experiments},
 school   = {University of Trieste},
 url = {https://core.ac.uk/download/pdf/41173373.pdf},
 year     = {2011},
}


@Inbook{durran:2010,
author="Durran, Dale R.",
title="Semi-Lagrangian Methods",
bookTitle="Numerical Methods for Fluid Dynamics: With Applications to Geophysics",
year="2010",
publisher="Springer New York",
address="New York, NY",
pages="357--391",
isbn="978-1-4419-6412-0",
doi="10.1007/978-1-4419-6412-0_7",
}

@Article{lu:2022,
AUTHOR = {Lu, Fuqiang and Zhang, Fengyuan and Wang, Tian and Tian, Guozhong and Wu, Feng},
TITLE = {High-Order Semi-Lagrangian Schemes for the Transport Equation on Icosahedron Spherical Grids},
JOURNAL = {Atmosphere},
VOLUME = {13},
YEAR = {2022},
NUMBER = {11},
ARTICLE-NUMBER = {1807},
ISSN = {2073-4433},
DOI = {10.3390/atmos13111807}
}

@article {guo:2014,
      author = "Wei Guo and Ramachandran D. Nair and Jing-Mei Qiu",
      title = "A Conservative Semi-Lagrangian Discontinuous Galerkin Scheme on the Cubed Sphere",
      journal = "Monthly Weather Review",
      year = "2014",
      publisher = "American Meteorological Society",
      address = "Boston MA, USA",
      volume = "142",
      number = "1",
      doi = "10.1175/MWR-D-13-00048.1",
      pages=      "457 - 475",
}

@Inbook{durran:2011,
author = {Durran, Dale},
title="Time Discretization: Some Basic Approaches",
bookTitle="Numerical Techniques for Global Atmospheric Models",
year="2011",
publisher="Springer Berlin Heidelberg",
address="Berlin, Heidelberg",
pages="75--104",
doi="10.1007/978-3-642-11640-7_5",
}

@article{chen:2017,
author = {Chen, Yumeng and Weller, Hilary and Pring, Stephen and Shaw, James},
title = {Comparison of dimensionally split and multi-dimensional atmospheric transport schemes for long time steps},
journal = {Quarterly Journal of the Royal Meteorological Society},
volume = {143},
number = {708},
pages = {2764-2779},
keywords = {multi-dimensional, advection, stability, accuracy, long time steps},
doi = {https://doi.org/10.1002/qj.3125},
year = {2017}
}

@article{nair:2010,
title = {A class of deformational flow test cases for linear transport problems on the sphere},
journal = {Journal of Computational Physics},
volume = {229},
number = {23},
pages = {8868-8887},
year = {2010},
issn = {0021-9991},
doi = {https://doi.org/10.1016/j.jcp.2010.08.014},
author = {Ramachandran D. Nair and Peter H. Lauritzen},
}

